<record><leader>00000cas a22000007a 4500</leader><controlfield tag="001">1641153</controlfield><controlfield tag="008">750920d19151972mnuwr ne      0    0eng d</controlfield><datafield ind1=" " ind2=" " tag="010"><subfield code="a">sn 89064528 </subfield></datafield><datafield ind1=" " ind2=" " tag="040"><subfield code="a">MUL</subfield><subfield code="b">eng</subfield><subfield code="c">MUL</subfield><subfield code="d">MN#</subfield><subfield code="d">OCLCQ</subfield><subfield code="d">OCLCF</subfield><subfield code="d">OCLCO</subfield></datafield><datafield ind1=" " ind2=" " tag="042"><subfield code="a">msc</subfield></datafield><datafield ind1=" " ind2=" " tag="043"><subfield code="a">n-us-mn</subfield></datafield><datafield ind1=" " ind2=" " tag="052"><subfield code="a">4144</subfield><subfield code="b">U6</subfield></datafield><datafield ind1=" " ind2=" " tag="052"><subfield code="a">4143</subfield><subfield code="b">M6</subfield></datafield><datafield ind1="0" ind2="0" tag="245"><subfield code="a">Upsala news-tribune.</subfield></datafield><datafield ind1=" " ind2=" " tag="260"><subfield code="a">Upsala, Morrison County, Minn. :</subfield><subfield code="b">News-Tribune Print Co.,</subfield><subfield code="c">-1972.</subfield></datafield><datafield ind1=" " ind2=" " tag="300"><subfield code="a">v.</subfield></datafield><datafield ind1=" " ind2=" " tag="310"><subfield code="a">Weekly</subfield></datafield><datafield ind1="1" ind2=" " tag="362"><subfield code="a">Began in Nov. 1915.</subfield></datafield><datafield ind1="0" ind2=" " tag="362"><subfield code="a">-v. 72, no. 37 (Nov. 9, 1972).</subfield></datafield><datafield ind1=" " ind2=" " tag="530"><subfield code="a">Available on microfilm from the Minnesota Historical Society.</subfield></datafield><datafield ind1=" " ind2=" " tag="580"><subfield code="a">Merged with: Enterprise dispatch, and: Richmond reporter (Richmond, Minn.), and: Swanville news, to form: Stearns Morrison enterprise.</subfield></datafield><datafield ind1=" " ind2=" " tag="588"><subfield code="a">Description based on: Issue no. 2 (Nov. 26, 1915).</subfield></datafield><datafield ind1=" " ind2="0" tag="651"><subfield code="a">Upsala (Minn.)</subfield><subfield code="v">Newspapers.</subfield></datafield><datafield ind1=" " ind2="7" tag="655"><subfield code="a">Newspapers.</subfield><subfield code="2">fast</subfield><subfield code="0">(OCoLC)fst01423814</subfield></datafield><datafield ind1=" " ind2="7" tag="651"><subfield code="a">Minnesota</subfield><subfield code="z">Upsala.</subfield><subfield code="2">fast</subfield><subfield code="0">(OCoLC)fst01254478</subfield></datafield><datafield ind1=" " ind2=" " tag="752"><subfield code="a">United States</subfield><subfield code="b">Minnesota</subfield><subfield code="c">Morrison</subfield><subfield code="d">Upsala.</subfield></datafield><datafield ind1="1" ind2="7" tag="785"><subfield code="t">Enterprise dispatch</subfield><subfield code="w">(DLC)sn 89064441</subfield></datafield><datafield ind1="1" ind2="7" tag="785"><subfield code="t">Swanville news</subfield><subfield code="w">(DLC)sn 89064529</subfield></datafield><datafield ind1="1" ind2="7" tag="785"><subfield code="t">Richmond reporter (Richmond, Minn.)</subfield><subfield code="w">(DLC)sn 89064443</subfield></datafield><datafield ind1="1" ind2="7" tag="785"><subfield code="t">Stearns Morrison enterprise</subfield><subfield code="w">(DLC)sn 89064444</subfield></datafield></record>